<?xml version="1.0" encoding="utf-8"?>
<record xmlns="http://www.loc.gov/MARC21/slim" xmlns:xsi="http://www.w3.org/2001/XMLSchema-instance" xsi:schemaLocation="http://www.loc.gov/MARC21/slim http://www.loc.gov/standards/marcxml/schema/MARC21slim.xsd">
	<leader>     nam a22        4500</leader>
	<controlfield tag="001">267370</controlfield>
	<controlfield tag="003">NjP</controlfield>
	<controlfield tag="006">m        d        </controlfield>
	<controlfield tag="007">cr cn |||m|||a</controlfield>
	<controlfield tag="008">161118s1977    ir      o     000 0 arard</controlfield>
	<datafield ind1=" " ind2=" " tag="040">
		<subfield code="a">NNU</subfield>
		<subfield code="b">eng</subfield>
		<subfield code="e">rda</subfield>
		<subfield code="c">NNU</subfield>
	</datafield>
	<datafield ind1="0" ind2=" " tag="041">
		<subfield code="a">ara</subfield>
		<subfield code="a">eng</subfield>
		<subfield code="a">per</subfield>
	</datafield>
	<datafield ind1=" " ind2="4" tag="050">
		<subfield code="a">BP195.I8</subfield>
		<subfield code="b">K56 1977</subfield>
	</datafield>
	<datafield ind1="1" ind2=" " tag="100">
		<subfield code="a">Kirmānī, Ḥamīd al-Dīn Aḥmad ibn ʻAbd Allāh,</subfield>
		<subfield code="d">active 1020.</subfield>
	</datafield>
	<datafield ind1="1" ind2="3" tag="245">
		<subfield code="a">al-Aqwāl al-dhahabīyah /</subfield>
		<subfield code="c">Ḥamīd al-Dīn Kirmānī ; taḥqīq wa-taṣḥīḥ wa-muqaddamah Ṣalāh al-Ṣāwī ; muqaddamah-'i Fārsī Ghulām Aʻwānī.</subfield>
	</datafield>
	<datafield ind1="3" ind2=" " tag="246">
		<subfield code="a">Golden sayings</subfield>
	</datafield>
	<datafield ind1=" " ind2=" " tag="260">
		<subfield code="a">Tihrān :</subfield>
		<subfield code="b">Anjuman-i Shāhanshāhī-'i Falsafah-'i Īrān,</subfield>
		<subfield code="c">1397 [1977]</subfield>
	</datafield>
	<datafield ind1=" " ind2=" " tag="300">
		<subfield code="a">online resource (23, 141, 4 pages)</subfield>
	</datafield>
	<datafield ind1=" " ind2=" " tag="336">
		<subfield code="a">text</subfield>
		<subfield code="2">rdacontent</subfield>
	</datafield>
	<datafield ind1=" " ind2=" " tag="337">
		<subfield code="a">computer</subfield>
		<subfield code="2">rdamedia</subfield>
	</datafield>
	<datafield ind1=" " ind2=" " tag="338">
		<subfield code="a">online resource</subfield>
		<subfield code="2">rdacarrier</subfield>
	</datafield>
	<datafield ind1="1" ind2=" " tag="490">
		<subfield code="a">The Imperial Iranian Acadmyy of Philosophy. Series on Ismaili thought ;</subfield>
		<subfield code="v">4</subfield>
	</datafield>
	<datafield ind1="1" ind2=" " tag="490">
		<subfield code="a">Intishārāt-i Anjuman-i Shāhanshāhī Falasafah-'i Īrān ;</subfield>
		<subfield code="v">32</subfield>
	</datafield>
	<datafield ind1=" " ind2=" " tag="500">
		<subfield code="a">Added title: Golden sayings.</subfield>
	</datafield>
	<datafield ind1=" " ind2=" " tag="500">
		<subfield code="a">Introduction and table of contents in English.</subfield>
	</datafield>
	<datafield ind1=" " ind2=" " tag="500">
		<subfield code="a">Introduction in Persian.</subfield>
	</datafield>
	<datafield ind1=" " ind2=" " tag="500">
		<subfield code="a">Part of the Arabic Collections Online (ACO) project, contributed by Princeton University Libraries.</subfield>
	</datafield>
	<datafield ind1=" " ind2=" " tag="533">
		<subfield code="a">Electronic reproduction.</subfield>
		<subfield code="b">New York, N.Y. :</subfield>
		<subfield code="c">New York University,</subfield>
		<subfield code="d">2016.</subfield>
		<subfield code="5">NNU</subfield>
	</datafield>
	<datafield ind1=" " ind2="0" tag="650">
		<subfield code="a">Ismailites</subfield>
		<subfield code="x">Doctrines.</subfield>
	</datafield>
	<datafield ind1=" " ind2="0" tag="650">
		<subfield code="a">Psychology</subfield>
		<subfield code="v">Early works to 1850.</subfield>
	</datafield>
	<datafield ind1=" " ind2="0" tag="650">
		<subfield code="a">Logic</subfield>
		<subfield code="v">Early works to 1800.</subfield>
	</datafield>
	<datafield ind1=" " ind2="7" tag="650">
		<subfield code="a">Ismailites</subfield>
		<subfield code="x">Doctrines.</subfield>
		<subfield code="2">fast</subfield>
		<subfield code="0">(OCoLC)fst00980135</subfield>
	</datafield>
	<datafield ind1=" " ind2="7" tag="650">
		<subfield code="a">Logic.</subfield>
		<subfield code="2">fast</subfield>
		<subfield code="0">(OCoLC)fst01002014</subfield>
	</datafield>
	<datafield ind1=" " ind2="7" tag="650">
		<subfield code="a">Psychology.</subfield>
		<subfield code="2">fast</subfield>
		<subfield code="0">(OCoLC)fst01081447</subfield>
	</datafield>
	<datafield ind1=" " ind2="7" tag="655">
		<subfield code="a">Early works.</subfield>
		<subfield code="2">fast</subfield>
		<subfield code="0">(OCoLC)fst01411636</subfield>
	</datafield>
	<datafield ind1="2" ind2=" " tag="710">
		<subfield code="a">Princeton University.</subfield>
		<subfield code="b">Library.</subfield>
	</datafield>
	<datafield ind1="0" ind2=" " tag="730">
		<subfield code="a">Arabic Collections Online.</subfield>
	</datafield>
	<datafield ind1="0" ind2="8" tag="776">
		<subfield code="i">Online version:</subfield>
		<subfield code="a">Kirmānī, Ḥamīd al-Dīn Aḥmad ibn ʻAbd Allāh, active 1020.</subfield>
		<subfield code="t">Aqwāl al-dhahabīyah.</subfield>
		<subfield code="d">Tihrān : Anjuman-i Shāhanshāhī-'i Falsafah-'i Īrān, 1397 [1977]</subfield>
		<subfield code="w">(OCoLC)560317036</subfield>
	</datafield>
	<datafield ind1="0" ind2="8" tag="776">
		<subfield code="i">Print version:</subfield>
		<subfield code="a">Kirmānī, Ḥamīd al-Dīn Aḥmad ibn ʻAbd Allāh, active 1020.</subfield>
		<subfield code="t">al-Aqwāl al-dhahabīyah</subfield>
		<subfield code="w">(NjP)267370</subfield>
		<subfield code="w">(OCoLC)5257545</subfield>
	</datafield>
	<datafield ind1="2" ind2=" " tag="810">
		<subfield code="a">Anjuman-i Shāhanshāhī-i Falsafah-ʼi Īrān.</subfield>
		<subfield code="t">Intishārāt-i Anjuman-i Shāhanshāhī-i Falsafah-'i Īrān ;</subfield>
		<subfield code="v">32.</subfield>
	</datafield>
	<datafield ind1=" " ind2="0" tag="830">
		<subfield code="a">Majmūʻah-̓i ās̲ār-i marbūṭ bih tafkkur-i Ismāʻīlī ;</subfield>
		<subfield code="v">4.</subfield>
	</datafield>
	<datafield ind1="4" ind2="0" tag="856">
		<subfield code="u">http://hdl.handle.net/2333.1/z34tmtw7</subfield>
	</datafield>
	<datafield ind1=" " ind2=" " tag="959">
		<subfield code="a">NNU</subfield>
		<subfield code="b">WEB</subfield>
		<subfield code="c">GENI</subfield>
		<subfield code="t">0</subfield>
		<subfield code="m">Electronic access</subfield>
		<subfield code="s">01</subfield>
	</datafield>
	<datafield ind1=" " ind2=" " tag="999">
		<subfield code="i">NjP_267370</subfield>
		<subfield code="o">(OCoLC)ocm05257545 </subfield>
		<subfield code="s">princeton_aco000635</subfield>
		<subfield code="e">(ERROR-880)</subfield>
	</datafield>
</record>
